Date,Transaction Type,Total Sales,Amount,Transfer Date,Status,Balance
2020-01-02,funding,"","$99,000.00 USD",2020-01-02,completed,"$99,000.00 USD"
2020-01-02,interest,"","$12,870.00 USD",2020-01-02,completed,"$111,870.00 USD"
2020-01-03,payment,"$3,995.00 USD",-$679.15 USD,2020-01-05,completed,"$111,190.85 USD"
2020-01-04,payment,"",$0.00 USD,2020-01-05,completed,"$111,190.85 USD"
2020-01-05,payment,"",$0.00 USD,2020-01-05,completed,"$111,190.85 USD"
2020-01-06,payment,"$7,081.38 USD","-$1,203.84 USD",2020-01-06,completed,"$109,987.01 USD"
2020-01-07,payment,"$16,309.19 USD","-$2,772.56 USD",2020-01-07,completed,"$107,214.45 USD"
2020-01-08,payment,$55.96 USD,-$9.51 USD,2020-01-08,completed,"$107,204.94 USD"
2020-01-09,payment,"$4,660.50 USD",-$792.29 USD,2020-01-09,completed,"$106,412.65 USD"
2020-01-10,payment,"$2,765.15 USD",-$470.08 USD,2020-01-12,completed,"$105,942.57 USD"
2020-01-11,payment,"",$0.00 USD,2020-01-12,completed,"$105,942.57 USD"
2020-01-12,payment,$432.84 USD,-$73.58 USD,2020-01-12,completed,"$105,868.99 USD"
2020-01-13,payment,"$1,771.89 USD",-$301.22 USD,2020-01-13,completed,"$105,567.77 USD"
2020-01-14,payment,"$2,138.05 USD",-$363.47 USD,2020-01-14,completed,"$105,204.30 USD"
2020-01-15,payment,"$1,795.00 USD",-$305.15 USD,2020-01-15,completed,"$104,899.15 USD"
2020-01-16,payment,"$3,995.00 USD",-$679.15 USD,2020-01-16,completed,"$104,220.00 USD"
2020-01-17,payment,"$2,606.52 USD",-$443.11 USD,2020-01-20,completed,"$103,776.89 USD"
2020-01-18,payment,"",$0.00 USD,2020-01-20,completed,"$103,776.89 USD"
2020-01-19,payment,$60.57 USD,-$10.30 USD,2020-01-20,completed,"$103,766.59 USD"
2020-01-20,payment,"$3,885.50 USD",-$660.54 USD,2020-01-20,completed,"$103,106.05 USD"
2020-01-21,payment,"$4,547.20 USD",-$773.03 USD,2020-01-21,completed,"$102,333.02 USD"
2020-01-21,payment,"",-$773.03 USD,2020-01-21,completed,"$101,559.99 USD"
2020-01-22,payment,"$11,463.65 USD","-$1,948.82 USD",2020-01-22,completed,"$99,611.17 USD"
2020-01-23,payment,"$10,144.22 USD","-$1,724.51 USD",2020-01-23,completed,"$97,886.66 USD"
2020-01-24,refund,"",$773.03 USD,2020-01-23,completed,"$98,659.69 USD"
2020-01-24,payment,"$6,252.78 USD","-$1,062.97 USD",2020-01-26,completed,"$97,596.72 USD"
2020-01-25,payment,"$2,475.57 USD",-$420.85 USD,2020-01-26,completed,"$97,175.87 USD"
2020-01-26,payment,"",$0.00 USD,2020-01-26,completed,"$97,175.87 USD"
2020-01-27,payment,"$2,506.03 USD",-$426.03 USD,2020-01-27,completed,"$96,749.84 USD"
2020-01-28,payment,"$7,869.12 USD","-$1,337.75 USD",2020-01-28,completed,"$95,412.09 USD"
2020-01-29,payment,"$3,195.00 USD",-$543.15 USD,2020-01-29,completed,"$94,868.94 USD"
2020-01-30,payment,"$2,012.59 USD",-$342.14 USD,2020-01-30,completed,"$94,526.80 USD"
2020-01-31,payment,"",$0.00 USD,2020-02-02,completed,"$94,526.80 USD"
2020-02-01,payment,$169.67 USD,-$28.84 USD,2020-02-02,completed,"$94,497.96 USD"
2020-02-02,payment,$9.82 USD,-$1.67 USD,2020-02-02,completed,"$94,496.29 USD"
2020-02-03,payment,"$2,702.35 USD",-$459.40 USD,2020-02-03,completed,"$94,036.89 USD"
2020-02-04,payment,"$3,595.50 USD",-$611.24 USD,2020-02-04,completed,"$93,425.65 USD"
2020-02-05,payment,"$3,789.42 USD",-$644.21 USD,2020-02-05,completed,"$92,781.44 USD"
2020-02-06,payment,"$2,465.77 USD",-$419.19 USD,2020-02-06,completed,"$92,362.25 USD"
2020-02-07,payment,$110.26 USD,-$18.74 USD,2020-02-09,completed,"$92,343.51 USD"
2020-02-08,payment,$153.22 USD,-$26.05 USD,2020-02-09,completed,"$92,317.46 USD"
2020-02-09,payment,"$5,094.87 USD",-$866.12 USD,2020-02-09,completed,"$91,451.34 USD"
2020-02-10,payment,$9.40 USD,-$1.60 USD,2020-02-10,completed,"$91,449.74 USD"
2020-02-11,payment,"$17,722.79 USD","-$3,012.89 USD",2020-02-11,completed,"$88,436.85 USD"
2020-02-12,payment,"$8,026.42 USD","-$1,364.49 USD",2020-02-12,completed,"$87,072.36 USD"
2020-02-13,payment,"$2,570.02 USD",-$436.90 USD,2020-02-13,completed,"$86,635.46 USD"
2020-02-14,payment,"$6,675.50 USD","-$1,134.84 USD",2020-02-17,completed,"$85,500.62 USD"
2020-02-15,payment,"$5,531.81 USD",-$940.41 USD,2020-02-17,completed,"$84,560.21 USD"
2020-02-16,payment,"$6,148.75 USD","-$1,045.29 USD",2020-02-17,completed,"$83,514.92 USD"
2020-02-17,payment,"$2,595.00 USD",-$441.15 USD,2020-02-17,completed,"$83,073.77 USD"
2020-02-18,payment,"$1,874.92 USD",-$318.74 USD,2020-02-18,completed,"$82,755.03 USD"
2020-02-19,payment,"",$0.00 USD,2020-02-19,completed,"$82,755.03 USD"
2020-02-20,payment,"$8,968.77 USD","-$1,524.68 USD",2020-02-20,completed,"$81,230.35 USD"
2020-02-21,payment,"$9,229.66 USD","-$1,569.05 USD",2020-02-23,completed,"$79,661.30 USD"
2020-02-22,payment,"",$0.00 USD,2020-02-23,completed,"$79,661.30 USD"
2020-02-23,payment,"",$0.00 USD,2020-02-23,completed,"$79,661.30 USD"
2020-02-24,payment,"$12,181.43 USD","-$2,070.84 USD",2020-02-24,completed,"$77,590.46 USD"
2020-02-25,payment,"$8,487.57 USD","-$1,442.89 USD",2020-02-25,completed,"$76,147.57 USD"
2020-02-26,payment,"$4,397.71 USD",-$747.61 USD,2020-02-26,completed,"$75,399.96 USD"
2020-02-27,payment,"$2,969.56 USD",-$504.83 USD,2020-02-27,completed,"$74,895.13 USD"
2020-02-28,payment,"$7,801.24 USD","-$1,326.22 USD",2020-03-01,completed,"$73,568.91 USD"
2020-02-29,payment,"",$0.00 USD,2020-03-01,completed,"$73,568.91 USD"
2020-03-01,payment,"$6,246.36 USD","-$1,061.88 USD",2020-03-01,completed,"$72,507.03 USD"
2020-03-02,payment,"$7,798.22 USD","-$1,325.70 USD",2020-03-02,completed,"$71,181.33 USD"
2020-03-03,payment,"$6,559.82 USD","-$1,115.17 USD",2020-03-03,completed,"$70,066.16 USD"
2020-03-04,payment,"$4,564.98 USD",-$776.05 USD,2020-03-04,completed,"$69,290.11 USD"
2020-03-05,payment,"$9,599.42 USD","-$1,631.90 USD",2020-03-05,completed,"$67,658.21 USD"
2020-03-06,payment,"$7,014.61 USD","-$1,192.48 USD",2020-03-08,completed,"$66,465.73 USD"
2020-03-07,payment,"$2,095.00 USD",-$356.15 USD,2020-03-08,completed,"$66,109.58 USD"
2020-03-08,payment,"",$0.00 USD,2020-03-08,completed,"$66,109.58 USD"
2020-03-09,payment,"$5,961.36 USD","-$1,013.43 USD",2020-03-09,completed,"$65,096.15 USD"
2020-03-10,payment,"$21,660.19 USD","-$3,682.24 USD",2020-03-10,completed,"$61,413.91 USD"
2020-03-11,payment,"$15,919.53 USD","-$2,706.32 USD",2020-03-11,completed,"$58,707.59 USD"
2020-03-12,payment,"$6,054.57 USD","-$1,029.28 USD",2020-03-12,completed,"$57,678.31 USD"
2020-03-13,payment,"$2,432.67 USD",-$413.55 USD,2020-03-15,completed,"$57,264.76 USD"
2020-03-14,payment,"",$0.00 USD,2020-03-15,completed,"$57,264.76 USD"
2020-03-15,payment,"$9,459.27 USD","-$1,608.07 USD",2020-03-15,completed,"$55,656.69 USD"
2020-03-16,payment,$186.25 USD,-$31.66 USD,2020-03-16,completed,"$55,625.03 USD"
2020-03-17,payment,"$12,896.89 USD","-$2,192.47 USD",2020-03-17,completed,"$53,432.56 USD"
2020-03-18,payment,"$10,285.48 USD","-$1,748.54 USD",2020-03-18,completed,"$51,684.02 USD"
2020-03-19,payment,"$4,286.41 USD",-$728.69 USD,2020-03-19,completed,"$50,955.33 USD"
2020-03-20,payment,"$2,083.59 USD",-$354.21 USD,2020-03-22,completed,"$50,601.12 USD"
2020-03-21,payment,"$6,721.24 USD","-$1,142.61 USD",2020-03-22,completed,"$49,458.51 USD"
2020-03-22,payment,"$18,141.03 USD","-$3,083.98 USD",2020-03-22,completed,"$46,374.53 USD"
2020-03-23,payment,"$4,580.40 USD",-$778.66 USD,2020-03-23,completed,"$45,595.87 USD"
2020-03-24,payment,"$5,404.89 USD",-$918.83 USD,2020-03-24,completed,"$44,677.04 USD"
2020-03-25,payment,"$3,027.13 USD",-$514.61 USD,2020-03-25,completed,"$44,162.43 USD"
2020-03-26,payment,"$10,497.22 USD","-$1,784.53 USD",2020-03-26,completed,"$42,377.90 USD"
2020-03-27,payment,"$4,284.59 USD",-$728.38 USD,2020-03-29,completed,"$41,649.52 USD"
2020-03-28,payment,"$7,776.79 USD","-$1,322.05 USD",2020-03-29,completed,"$40,327.47 USD"
2020-03-29,payment,"",$0.00 USD,2020-03-29,completed,"$40,327.47 USD"
2020-03-30,payment,"$6,194.73 USD","-$1,053.10 USD",2020-03-30,completed,"$39,274.37 USD"
2020-03-31,payment,"$7,894.62 USD","-$1,342.09 USD",2020-03-31,completed,"$37,932.28 USD"
2020-04-01,payment,"$43,134.86 USD","-$7,332.92 USD",2020-04-01,completed,"$30,599.36 USD"
2020-04-02,payment,"$15,225.69 USD","-$2,588.37 USD",2020-04-02,completed,"$28,010.99 USD"
2020-04-03,payment,"$6,181.30 USD","-$1,050.82 USD",2020-04-05,completed,"$26,960.17 USD"
2020-04-04,payment,"$13,102.04 USD","-$2,227.35 USD",2020-04-05,completed,"$24,732.82 USD"
2020-04-05,payment,"$11,974.09 USD","-$2,035.60 USD",2020-04-05,completed,"$22,697.22 USD"
2020-04-06,payment,"$7,925.21 USD","-$1,347.29 USD",2020-04-06,completed,"$21,349.93 USD"
2020-04-07,payment,"$12,192.08 USD","-$2,072.65 USD",2020-04-07,completed,"$19,277.28 USD"
2020-04-08,payment,"",$0.00 USD,2020-04-08,completed,"$19,277.28 USD"
2020-04-09,payment,$308.95 USD,-$52.52 USD,2020-04-09,completed,"$19,224.76 USD"
2020-04-10,payment,"$1,948.67 USD",-$331.27 USD,2020-04-12,completed,"$18,893.49 USD"
2020-04-11,payment,$202.21 USD,-$34.38 USD,2020-04-12,completed,"$18,859.11 USD"
2020-04-12,payment,"$4,151.45 USD",-$705.74 USD,2020-04-12,completed,"$18,153.37 USD"
2020-04-13,payment,"$5,690.50 USD",-$967.39 USD,2020-04-13,completed,"$17,185.98 USD"
2020-04-14,payment,"$7,519.51 USD","-$1,278.31 USD",2020-04-14,completed,"$15,907.67 USD"
2020-04-15,payment,"$4,771.02 USD",-$811.08 USD,2020-04-15,completed,"$15,096.59 USD"
2020-04-16,payment,"$4,395.00 USD",-$747.15 USD,2020-04-16,completed,"$14,349.44 USD"
2020-04-17,payment,"$12,262.17 USD","-$2,084.57 USD",2020-04-19,completed,"$12,264.87 USD"
2020-04-18,payment,"$3,022.18 USD",-$513.77 USD,2020-04-19,completed,"$11,751.10 USD"
2020-04-19,payment,"$1,916.32 USD",-$325.78 USD,2020-04-19,completed,"$11,425.32 USD"
2020-04-20,payment,"$4,891.60 USD",-$831.57 USD,2020-04-20,completed,"$10,593.75 USD"
2020-04-21,payment,"$7,953.59 USD","-$1,352.11 USD",2020-04-21,completed,"$9,241.64 USD"
2020-04-22,payment,"$4,808.96 USD",-$817.52 USD,2020-04-22,completed,"$8,424.12 USD"
2020-04-23,payment,"$6,921.23 USD","-$1,176.61 USD",2020-04-23,completed,"$7,247.51 USD"
2020-04-24,payment,"$11,100.92 USD","-$1,887.15 USD",2020-04-26,completed,"$5,360.36 USD"
2020-04-25,payment,"$1,909.29 USD",-$324.58 USD,2020-04-26,completed,"$5,035.78 USD"
2020-04-26,payment,"$2,391.23 USD",-$406.51 USD,2020-04-26,completed,"$4,629.27 USD"
2020-04-27,payment,"",$0.00 USD,2020-04-27,completed,"$4,629.27 USD"
2020-04-28,payment,"$14,607.76 USD","-$2,483.32 USD",2020-04-28,completed,"$2,145.95 USD"
2020-04-29,payment,"",$0.00 USD,2020-04-29,completed,"$2,145.95 USD"
2020-04-30,payment,"$4,395.00 USD",-$747.15 USD,2020-04-30,completed,"$1,398.80 USD"
2020-05-01,payment,"$5,323.48 USD",-$904.99 USD,2020-05-03,completed,$493.81 USD
2020-05-02,payment,"",$0.00 USD,2020-05-03,completed,$493.81 USD
2020-05-03,payment,"",$0.00 USD,2020-05-03,completed,$493.81 USD
2020-05-04,payment,"",$0.00 USD,2020-05-04,completed,$493.81 USD
2020-05-05,payment,"$7,190.78 USD",-$493.81 USD,2020-05-05,completed,$0.00 USD
